{
  "leader": "05110cam a2200745 i 4500",
  "fields": [
    {
      "001": "ocm00661639\\"
    },
    {
      "003": "OCoLC"
    },
    {
      "005": "20221220114345.0"
    },
    {
      "008": "730614t19731973nyua\\\\\\\\\\c\\\\\\\\001\\0\\eng\\\\"
    },
    {
      "010": {
        "ind1": "\\",
        "ind2": "\\",
        "subfields": [
          {
            "a": "   72082885 "
          }
        ]
      }
    },
    {
      "040": {
        "ind1": "\\",
        "ind2": "\\",
        "subfields": [
          {
            "a": "DLC"
          },
          {
            "b": "eng"
          },
          {
            "e": "rda"
          },
          {
            "c": "DLC"
          },
          {
            "d": "MUQ"
          },
          {
            "d": "BAKER"
          },
          {
            "d": "BTCTA"
          },
          {
            "d": "YDXCP"
          },
          {
            "d": "WY@"
          },
          {
            "d": "JED"
          },
          {
            "d": "CUS"
          },
          {
            "d": "OCLCA"
          },
          {
            "d": "OCLCF"
          },
          {
            "d": "OCLCQ"
          },
          {
            "d": "OCLCO"
          },
          {
            "d": "OCLCQ"
          },
          {
            "d": "WAU"
          },
          {
            "d": "GTA"
          },
          {
            "d": "TC@"
          },
          {
            "d": "NZAUC"
          },
          {
            "d": "DDD"
          },
          {
            "d": "OCLCQ"
          },
          {
            "d": "XFH"
          },
          {
            "d": "OCLCA"
          },
          {
            "d": "OCLCQ"
          },
          {
            "d": "OCLCO"
          },
          {
            "d": "TYC"
          },
          {
            "d": "VNS"
          },
          {
            "d": "BRL"
          },
          {
            "d": "OCLCQ"
          },
          {
            "d": "CSO"
          },
          {
            "d": "FQG"
          },
          {
            "d": "PEX"
          },
          {
            "d": "WAU"
          },
          {
            "d": "CLU"
          },
          {
            "d": "UBA"
          },
          {
            "d": "PSV"
          },
          {
            "d": "AU@"
          },
          {
            "d": "HEBIS"
          },
          {
            "d": "DEBBG"
          },
          {
            "d": "GBVCP"
          },
          {
            "d": "CNGUL"
          },
          {
            "d": "EUN"
          },
          {
            "d": "B@L"
          },
          {
            "d": "GOC"
          },
          {
            "d": "OCLCQ"
          },
          {
            "d": "ZCU"
          },
          {
            "d": "OCLCO"
          },
          {
            "d": "Z5U"
          },
          {
            "d": "UKUOY"
          },
          {
            "d": "OCLCQ"
          },
          {
            "d": "OCL"
          },
          {
            "d": "BOS"
          },
          {
            "d": "CNO"
          },
          {
            "d": "CBA"
          },
          {
            "d": "OCLCO"
          },
          {
            "d": "CPS"
          },
          {
            "d": "OCLCO"
          },
          {
            "d": "OCLCQ"
          },
          {
            "d": "BUF"
          },
          {
            "d": "OCLCA"
          },
          {
            "d": "IL4J6"
          },
          {
            "d": "OCLCO"
          }
        ]
      }
    },
    {
      "066": {
        "ind1": "\\",
        "ind2": "\\",
        "subfields": [
          {
            "c": "{dollar}1"
          }
        ]
      }
    },
    {
      "019": {
        "ind1": "\\",
        "ind2": "\\",
        "subfields": [
          {
            "a": "8617970"
          },
          {
            "a": "11914752"
          },
          {
            "a": "276334225"
          },
          {
            "a": "977034181"
          },
          {
            "a": "1008382835"
          },
          {
            "a": "1039021931"
          },
          {
            "a": "1039043446"
          },
          {
            "a": "1153731200"
          },
          {
            "a": "1172420004"
          },
          {
            "a": "1201013548"
          },
          {
            "a": "1201015017"
          },
          {
            "a": "1201637751"
          },
          {
            "a": "1201853480"
          },
          {
            "a": "1201895043"
          },
          {
            "a": "1201991564"
          },
          {
            "a": "1201996846"
          },
          {
            "a": "1202020674"
          },
          {
            "a": "1222889784"
          },
          {
            "a": "1244556022"
          },
          {
            "a": "1298902481"
          }
        ]
      }
    },
    {
      "020": {
        "ind1": "\\",
        "ind2": "\\",
        "subfields": [
          {
            "a": "0870705148"
          },
          {
            "q": "(clothbound)"
          }
        ]
      }
    },
    {
      "020": {
        "ind1": "\\",
        "ind2": "\\",
        "subfields": [
          {
            "a": "9780870705144"
          },
          {
            "q": "(clothbound)"
          }
        ]
      }
    },
    {
      "020": {
        "ind1": "\\",
        "ind2": "\\",
        "subfields": [
          {
            "a": "0870705156"
          },
          {
            "q": "(paperbound)"
          }
        ]
      }
    },
    {
      "020": {
        "ind1": "\\",
        "ind2": "\\",
        "subfields": [
          {
            "a": "9780870705151"
          },
          {
            "q": "(paperbound)"
          }
        ]
      }
    },
    {
      "020": {
        "ind1": "\\",
        "ind2": "\\",
        "subfields": [
          {
            "a": "9780821226230"
          }
        ]
      }
    },
    {
      "020": {
        "ind1": "\\",
        "ind2": "\\",
        "subfields": [
          {
            "a": "0821226231"
          }
        ]
      }
    },
    {
      "033": {
        "ind1": "\\",
        "ind2": "\\",
        "subfields": [
          {
            "a": "970315"
          },
          {
            "b": "970315"
          }
        ]
      }
    },
    {
      "035": {
        "ind1": "\\",
        "ind2": "\\",
        "subfields": [
          {
            "a": "(OCoLC)661639"
          },
          {
            "z": "(OCoLC)8617970"
          },
          {
            "z": "(OCoLC)11914752"
          },
          {
            "z": "(OCoLC)276334225"
          },
          {
            "z": "(OCoLC)977034181"
          },
          {
            "z": "(OCoLC)1008382835"
          },
          {
            "z": "(OCoLC)1039021931"
          },
          {
            "z": "(OCoLC)1039043446"
          },
          {
            "z": "(OCoLC)1153731200"
          },
          {
            "z": "(OCoLC)1172420004"
          },
          {
            "z": "(OCoLC)1201013548"
          },
          {
            "z": "(OCoLC)1201015017"
          },
          {
            "z": "(OCoLC)1201637751"
          },
          {
            "z": "(OCoLC)1201853480"
          },
          {
            "z": "(OCoLC)1201895043"
          },
          {
            "z": "(OCoLC)1201991564"
          },
          {
            "z": "(OCoLC)1201996846"
          },
          {
            "z": "(OCoLC)1202020674"
          },
          {
            "z": "(OCoLC)1222889784"
          },
          {
            "z": "(OCoLC)1244556022"
          },
          {
            "z": "(OCoLC)1298902481"
          }
        ]
      }
    },
    {
      "037": {
        "ind1": "\\",
        "ind2": "\\",
        "subfields": [
          {
            "c": "{dollar}15.00."
          }
        ]
      }
    },
    {
      "043": {
        "ind1": "\\",
        "ind2": "\\",
        "subfields": [
          {
            "a": "n-us-ny"
          }
        ]
      }
    },
    {
      "050": {
        "ind1": "0",
        "ind2": "0",
        "subfields": [
          {
            "a": "TR650"
          },
          {
            "b": ".M87 1973"
          }
        ]
      }
    },
    {
      "060": {
        "ind1": "\\",
        "ind2": "4",
        "subfields": [
          {
            "a": "TR650"
          },
          {
            "b": ".N49"
          }
        ]
      }
    },
    {
      "082": {
        "ind1": "0",
        "ind2": "4",
        "subfields": [
          {
            "a": "779.07401471"
          },
          {
            "b": "MUS"
          }
        ]
      }
    },
    {
      "110": {
        "ind1": "2",
        "ind2": "\\",
        "subfields": [
          {
            "a": "Museum of Modern Art (New York, N.Y.),"
          },
          {
            "e": "current owner."
          }
        ]
      }
    },
    {
      "245": {
        "ind1": "1",
        "ind2": "0",
        "subfields": [
          {
            "a": "Looking at photographs :"
          },
          {
            "b": "100 pictures from the collection of the Museum of Modern Art /"
          },
          {
            "c": "by John Szarkowski."
          }
        ]
      }
    },
    {
      "246": {
        "ind1": "3",
        "ind2": "0",
        "subfields": [
          {
            "a": "100 pictures from the collection of the Museum of Modern Art"
          }
        ]
      }
    },
    {
      "246": {
        "ind1": "3",
        "ind2": "\\",
        "subfields": [
          {
            "a": "One hundred pictures from the collection of the Museum of Modern Art"
          }
        ]
      }
    },
    {
      "264": {
        "ind1": "\\",
        "ind2": "1",
        "subfields": [
          {
            "a": "New York :"
          },
          {
            "b": "The Museum of Modern Art,"
          },
          {
            "c": "[1973]"
          }
        ]
      }
    },
    {
      "264": {
        "ind1": "\\",
        "ind2": "2",
        "subfields": [
          {
            "a": "Boston :"
          },
          {
            "b": "Distributed by New York Graphic Society"
          }
        ]
      }
    },
    {
      "264": {
        "ind1": "\\",
        "ind2": "4",
        "subfields": [
          {
            "c": "\u00a91973"
          }
        ]
      }
    },
    {
      "300": {
        "ind1": "\\",
        "ind2": "\\",
        "subfields": [
          {
            "a": "215 pages :"
          },
          {
            "b": "illustrations ;"
          },
          {
            "c": "29 cm"
          }
        ]
      }
    },
    {
      "336": {
        "ind1": "\\",
        "ind2": "\\",
        "subfields": [
          {
            "a": "text"
          },
          {
            "b": "txt"
          },
          {
            "2": "rdacontent"
          }
        ]
      }
    },
    {
      "336": {
        "ind1": "\\",
        "ind2": "\\",
        "subfields": [
          {
            "a": "still image"
          },
          {
            "b": "sti"
          },
          {
            "2": "rdacontent"
          }
        ]
      }
    },
    {
      "337": {
        "ind1": "\\",
        "ind2": "\\",
        "subfields": [
          {
            "a": "unmediated"
          },
          {
            "b": "n"
          },
          {
            "2": "rdamedia"
          }
        ]
      }
    },
    {
      "338": {
        "ind1": "\\",
        "ind2": "\\",
        "subfields": [
          {
            "a": "volume"
          },
          {
            "b": "nc"
          },
          {
            "2": "rdacarrier"
          }
        ]
      }
    },
    {
      "500": {
        "ind1": "\\",
        "ind2": "\\",
        "subfields": [
          {
            "a": "Includes index."
          }
        ]
      }
    },
    {
      "500": {
        "ind1": "\\",
        "ind2": "\\",
        "subfields": [
          {
            "a": "Designed by James Wageman."
          }
        ]
      }
    },
    {
      "500": {
        "ind1": "\\",
        "ind2": "\\",
        "subfields": [
          {
            "a": "Shows the character and intent of the Museum of Modern Art's photography collections and suggests some of the wasy in which the study of photography touches the broader issues of modern art and modern sensibility. -- Publisher description."
          }
        ]
      }
    },
    {
      "520": {
        "ind1": "\\",
        "ind2": "\\",
        "subfields": [
          {
            "a": "This survey of The Museum of Modern Art's Photography Collection explores the evolution of the photographic medium using specific examples to illustrate its development. John Szarkowski investigates the aesthetic, formal, social, and historical issues of one hundred photographs selected from 'the Modern's' collections."
          }
        ]
      }
    },
    {
      "505": {
        "ind1": "0",
        "ind2": "0",
        "subfields": [
          {
            "t": "Jews in France before the War --"
          },
          {
            "t": "War Begins, 1939-1940 --"
          },
          {
            "t": "Racial Laws, 1940-1941 --"
          },
          {
            "t": "Internment Camps in the Unoccupied Zone, 1940-1941 --"
          },
          {
            "t": "Roundups and Deportations, May 1941-June 1942 --"
          },
          {
            "t": "The July Roundup, Paris, 1942 --"
          },
          {
            "t": "Expulsions from the Unoccupied Zone, August-September 1942 --"
          },
          {
            "t": "Attitudes toward the Jews, 1942 --"
          },
          {
            "t": "Arrests of Foreign Jews, September 1942-February 1943 --"
          },
          {
            "t": "No Holds Barred, January-December 1943 --"
          },
          {
            "t": "The Final Abandonment, 1944 --"
          },
          {
            "t": "Jewish Rescue Organizations --"
          },
          {
            "t": "Survival and Non-Jewish Rescuers --"
          },
          {
            "t": "Crossing Frontiers --"
          },
          {
            "t": "Jews in the Armed Resistance."
          }
        ]
      }
    },
    {
      "610": {
        "ind1": "2",
        "ind2": "0",
        "subfields": [
          {
            "a": "Museum of Modern Art (New York, N.Y.)"
          },
          {
            "x": "Photograph collections"
          },
          {
            "v": "Catalogs."
          }
        ]
      }
    },
    {
      "650": {
        "ind1": "\\",
        "ind2": "0",
        "subfields": [
          {
            "a": "Photograph collections"
          },
          {
            "z": "New York (State)"
          },
          {
            "z": "New York"
          },
          {
            "v": "Catalogs."
          }
        ]
      }
    },
    {
      "650": {
        "ind1": "\\",
        "ind2": "0",
        "subfields": [
          {
            "a": "Photography, Artistic"
          },
          {
            "v": "Catalogs."
          }
        ]
      }
    },
    {
      "650": {
        "ind1": "\\",
        "ind2": "0",
        "subfields": [
          {
            "a": "Photography, Artistic."
          }
        ]
      }
    },
    {
      "610": {
        "ind1": "2",
        "ind2": "7",
        "subfields": [
          {
            "a": "Museum of Modern Art (New York, N.Y.)"
          },
          {
            "2": "fast"
          },
          {
            "0": "(OCoLC)fst00530348"
          }
        ]
      }
    },
    {
      "650": {
        "ind1": "\\",
        "ind2": "7",
        "subfields": [
          {
            "a": "Photograph collections."
          },
          {
            "2": "fast"
          },
          {
            "0": "(OCoLC)fst01061600"
          }
        ]
      }
    },
    {
      "650": {
        "ind1": "\\",
        "ind2": "7",
        "subfields": [
          {
            "a": "Photography, Artistic."
          },
          {
            "2": "fast"
          },
          {
            "0": "(OCoLC)fst01061964"
          }
        ]
      }
    },
    {
      "651": {
        "ind1": "\\",
        "ind2": "7",
        "subfields": [
          {
            "a": "New York (State)"
          },
          {
            "z": "New York."
          },
          {
            "2": "fast"
          },
          {
            "0": "(OCoLC)fst01204333"
          }
        ]
      }
    },
    {
      "655": {
        "ind1": "\\",
        "ind2": "2",
        "subfields": [
          {
            "a": "Catalog"
          }
        ]
      }
    },
    {
      "655": {
        "ind1": "\\",
        "ind2": "7",
        "subfields": [
          {
            "a": "Photobooks."
          },
          {
            "2": "fast"
          },
          {
            "0": "(OCoLC)fst01919950"
          }
        ]
      }
    },
    {
      "655": {
        "ind1": "\\",
        "ind2": "7",
        "subfields": [
          {
            "a": "Catalogs."
          },
          {
            "2": "fast"
          },
          {
            "0": "(OCoLC)fst01423692"
          }
        ]
      }
    },
    {
      "655": {
        "ind1": "\\",
        "ind2": "7",
        "subfields": [
          {
            "a": "Catalogs."
          },
          {
            "2": "lcgft"
          }
        ]
      }
    },
    {
      "655": {
        "ind1": "\\",
        "ind2": "7",
        "subfields": [
          {
            "a": "Photobooks."
          },
          {
            "2": "lcgft"
          }
        ]
      }
    },
    {
      "700": {
        "ind1": "1",
        "ind2": "\\",
        "subfields": [
          {
            "a": "Szarkowski, John,"
          },
          {
            "e": "author."
          }
        ]
      }
    },
    {
      "700": {
        "ind1": "1",
        "ind2": "\\",
        "subfields": [
          {
            "a": "Wageman, Jim,"
          },
          {
            "e": "book designer."
          }
        ]
      }
    },
    {
      "776": {
        "ind1": "0",
        "ind2": "8",
        "subfields": [
          {
            "i": "Online version:"
          },
          {
            "a": "Museum of Modern Art (New York, N.Y.)."
          },
          {
            "t": "Looking at photographs."
          },
          {
            "d": "New York : distributed by New York Graphic Society, Greenwich, Conn, \u00a91973"
          },
          {
            "w": "(OCoLC)608384764"
          }
        ]
      }
    },
    {
      "856": {
        "ind1": "4",
        "ind2": "\\",
        "subfields": [
          {
            "a": "The Museum of Modern Art press release"
          },
          {
            "u": "http://www.moma.org/pdfs/docs/press_archives/5808/releases/MOMA_1980_0011_13.pdf?2010"
          }
        ]
      }
    },
    {
      "856": {
        "ind1": "4",
        "ind2": "\\",
        "subfields": [
          {
            "a": "lensculture"
          },
          {
            "u": "https://www.lensculture.com/articles/john-szarkowski-john-szarkowski-photographs"
          }
        ]
      }
    },
    {
      "880": {
        "ind1": "\\",
        "ind2": "\\",
        "subfields": [
          {
            "6": "500-00/{dollar}1"
          },
          {
            "a": "\u5176\u4ed6\u9898\u540d:100 Pictures from the Collection of the Museum of Modern Art."
          }
        ]
      }
    },
    {
      "994": {
        "ind1": "\\",
        "ind2": "\\",
        "subfields": [
          {
            "a": "Z0"
          },
          {
            "b": "NYRVC"
          }
        ]
      }
    },
    {
      "948": {
        "ind1": "\\",
        "ind2": "\\",
        "subfields": [
          {
            "h": "NO HOLDINGS IN NYRVC - 1490 OTHER HOLDINGS"
          }
        ]
      }
    },
    {
      "999": {
        "ind1": "\\",
        "ind2": "\\",
        "subfields": [
          {
            "a": "00000000010422"
          }
        ]
      }
    }
  ]
}